<?xml version="1.0" encoding="UTF-8"?><collection xmlns="http://www.loc.gov/MARC21/slim"><record><leader>00474nam--2200181-u-4500</leader><controlfield tag="001">000050358</controlfield><controlfield tag="002">20161230</controlfield><controlfield tag="005">20161230201048</controlfield><controlfield tag="008">070129s1000------------r-----000-0-eng-d</controlfield><datafield ind1=" " ind2=" " tag="020"><subfield code="a">0198609418</subfield></datafield><datafield ind1=" " ind2=" " tag="040"><subfield code="a">IFIN-HH</subfield></datafield><datafield ind1=" " ind2=" " tag="080"><subfield code="a">53:524.8:575</subfield></datafield><datafield ind1="1" ind2=" " tag="100"><subfield code="a">Atkins, P</subfield></datafield><datafield ind1="1" ind2="0" tag="245"><subfield code="a">Galileo's finger</subfield><subfield code="b">The ten great ideas of science</subfield><subfield code="c">Peter atkins</subfield></datafield><datafield ind1=" " ind2=" " tag="260"><subfield code="a">Oxford</subfield><subfield code="b">Oxford University Press</subfield><subfield code="c">2003</subfield></datafield><datafield ind1=" " ind2=" " tag="300"><subfield code="a">388 P</subfield></datafield><datafield ind1=" " ind2=" " tag="852"><subfield code="a">81782</subfield><subfield code="c">53</subfield></datafield><datafield ind1=" " ind2=" " tag="CAT"><subfield code="a">Sys</subfield><subfield code="c">20151012</subfield><subfield code="h">081736</subfield></datafield></record></collection>